<?xml version="1.0" encoding="UTF-8"?><collection xmlns="http://www.loc.gov/MARC21/slim"><record><leader>00418nam--2200157-i-4500</leader><controlfield tag="001">000022355</controlfield><controlfield tag="002">20161230</controlfield><controlfield tag="005">20170127204257</controlfield><controlfield tag="008">060222s1000------------r-----000-0-eng-d</controlfield><datafield ind1=" " ind2=" " tag="100"><subfield code="a">Grzegorczyk, Andrej</subfield></datafield><datafield ind1=" " ind2=" " tag="245"><subfield code="a">Fonctions recursives</subfield></datafield><datafield ind1=" " ind2=" " tag="260"><subfield code="a">Paris</subfield><subfield code="b">Gauthier-Villars</subfield><subfield code="c">1961</subfield></datafield><datafield ind1=" " ind2=" " tag="300"><subfield code="a">100 p</subfield></datafield><datafield ind1=" " ind2=" " tag="490"><subfield code="a">Collection De Logique Mathematique. Serie A</subfield></datafield><datafield ind1=" " ind2=" " tag="852"><subfield code="a">20411</subfield><subfield code="c">517.11</subfield></datafield><datafield ind1=" " ind2=" " tag="CAT"><subfield code="a">SYS</subfield><subfield code="c">20170127</subfield><subfield code="h">204257</subfield></datafield></record></collection>